% Encoding: UTF-8

@Comment{jabref-meta: databaseType:bibtex;}

@Comment{jabref-meta: grouping:
0 AllEntriesGroup:;
1 StaticGroup:Interpreting-EEG-with-AI\;0\;1\;0x8a8a8aff\;\;\;;
}
