% Encoding: UTF-8

@Article{BCIChaudhary,
  author  = {Ujwal Chaudhary, Niels Birbaumer, Ander Ramos-Murguialday},
  journal = {Macmillan Publishers Limited},
  title   = {Brain-computer interfaces for communication and rehabilitation},
  year    = {2016},
  month   = sep,
  pages   = {513--525},
  volume  = {12},
  groups  = {JuFo 2022},
}

@Comment{jabref-meta: databaseType:bibtex;}

@Comment{jabref-meta: grouping:
0 AllEntriesGroup:;
1 StaticGroup:JuFo 2022\;0\;1\;0x8a8a8aff\;\;\;;
}
